
@inproceedings{safecrypto,
author = {O'Neill, Maire; Regazzoni, Francesco; Valencia, Felipe; GÃ¼neysu, Tim; Oder, Tobias; Waller, Adrian; Jones, Glyn; Barnett, Anthony; Griffin, Robert; Byrne, Andrew; Ammar, Bassem; O'sullivan, Elizabeth; Lund, David; MCWILLIAMS, Gavin; Saarinen, Markku-Juhani; Moore, Ciara; Khalid, Ayesha; Van Howe, James; Del Pino, Rafael; Abdalla, Michel},
title = "{Secure Architectures of Future Emerging Cryptography}",
pages = {315-322},
crossref = "{Proceedings of the ACM International Conference on Computing Frontiers - CF '16 2016}",
doi = {10.1145/2903150.2907756},
}

@techreport{safecrypto_srs,
author = {Saarinen, Markku-Juhani O. and O'Sullivan, Elizabeth},
title = "{Software Requirements Specification}",
institution = {SAFEcrypto},
year = 2016,
month = {April},
}

@techreport{safecrypto_secure_coding_guidelines,
author = {Smyth, Neil and O'Sullivan, Elizabeth},
title = "{Secure Coding Guidelines}",
institution = {SAFEcrypto},
year = 2016,
month = {September},
}

@online{markku_blzzrd,
author = {Saarinen, Markku-Juhani O.},
title = "{Arithmetic Coding and Blinding Countermeasures for Lattice Signatures, https://eprint.iacr.org/2016/276}",
year = 2016,
month = {November},
eprint = "ia.cr/2016/276",
annotation = {An \texttt{online} reference from ePrint}
}

@misc{blake2,
author = {Neves, Samuel},
title = {BLAKE2},
year = 2012,
publisher = {GitHub},
journal = {GitHub repository},
howpublished = {\url{https://github.com/BLAKE2}}
}

@misc{whirlpool,
author = {Kravchenko, Aleksey},
title = {Whirlpool},
year = 2009,
publisher = {GitHub},
journal = {GitHub repository},
howpublished = {\url{https://github.com/rhash/RHash/blob/master/librhash/whirlpool.c}}
}

@misc{sha2_gladman,
author = {Gladman, Brian},
title = {SHA-2},
year = 2009,
journal = {Website},
howpublished = {\url{http://www.gladman.me.uk/}}
}

@misc{tiny_sha3,
author = {Saarinen, Markku-Juhani O.},
title = {SHA-3},
year = 2015,
publisher = {GitHub},
journal = {GitHub repository},
howpublished = {\url{https://github.com/mjosaarinen/tiny_sha3}}
}

@misc{issac,
author = {Jenkins, Bob},
title = {ISAAC},
year = 1996,
journal = {Website},
howpublished = {\url{http://burtleburtle.net/bob/rand/isaacafa.html}}
}

@techreport{kiss,
author = {G. Marsaglia and A. Zaman},
title = {The KISS generator},
institution = {Department of Statistics, Florida State University, Tallahassee, FL, USA},
year = 1993
}

@misc{aes_gladman,
author = {Gladman, Brian},
title = {AES},
year = 1998,
publisher = {GitHub},
journal = {GitHub repository},
howpublished = {\url{https://github.com/BrianGladman/AES}},
}

@misc{chacha20_csprng,
author = {Emill},
title = {ChaCha20-CSPRNG},
year = 2016,
publisher = {GitHub Gist},
journal = {GitHub repository},
howpublished = {\url{https://gist.github.com/Emill/d8e8df7269f75b9485a2}},
}
