
@techreport{safecrypto_overview,
author = {SAFEcrypto},
title = {{Secure Architectures of Future Emerging Cryptography (H2020-ICT-2014-1)}},
institution = {SAFEcrypto},
year = 2015
}

@techreport{safecrypto_srs,
author = {Saarinen, Markku-Juhani O. and Elizabeth O'Sullivan},
title = {{Software Requirements Specification}},
institution = {SAFEcrypto},
year = 2016,
month = {April},
}

@techreport{sei_cert,
author = {Software Engineering Institute},
title = {{SEI CERT
C Coding Standard}},
institution = {Carnegie Mellon University},
year = {2016}
}

@techreport{misra_c,
author = {MISRA},
title = {{MISRA-C: 2012 Guidelines for the use of the C language in critical systems}},
institution = {MISRA},
year = {2004}
}
